 @inproceedings{ciscoiot:online,
 	author = {Dave Evans},
 	title = {The Internet of Things How The Next Evolution of the Internet Is Changing Everything},
 	month = {April},
 	year = {2011},
 	pages = {1-11}
 }
 
@misc{Inter74:online,
	author = {},
	title = {Internet of Things (IoT) - Cisco},
	howpublished = {\url{http://www.cisco.com/c/en/us/solutions/internet-of-things/overview.html}},
	month = {},
	year = {},
	note = {(Accessed on 06/14/2016)}
}

@misc{rfc7252,
	series =	{Request for Comments},
	number=		7252,
	howpublished=	{RFC 7252},
	publisher =	{RFC Editor},
	doi =		{10.17487/rfc7252},
	url =		{https://rfc-editor.org/rfc/rfc7252.txt},
	author=		{Dr. Carsten Bormann and Klaus Hartke and Zach Shelby},
	title=		{{The Constrained Application Protocol (CoAP)}},
	pagetotal =	112,
	year =		2015,
	month =		oct,
	day =		14
}

@misc{interoperabilityChallenge,
	title={The Interoperability Challenge in IoT and the Key Requirements for a Middleware Solving this Challenge},
	author={Bilal Kais and Khaled Saied},
	journal={},
	volume={},
	pages={},
	year={2016},
	note={not published}
}

@misc{Unloc34:online,
	author = {},
	title = {Unlocking the potential of the Internet of Things | McKinsey \& Company},
	howpublished = {\url{http://www.mckinsey.com/business-functions/business-technology/our-insights/the-internet-of-things-the-value-of-digitizing-the-physical-world}},
	month = {},
	year = {},
	note = {(Accessed on 06/14/2016)}
}

@misc{IoTiv3:online,
	author = {},
	title = {IoTivity 1.1.0 | IoTivity},
	howpublished = {\url{https://www.iotivity.org/downloads/iotivity-1.1.0}},
	month = {},
	year = {},
	note = {(Accessed on 06/14/2016)}
}

@techreport{ietf-core-coap-tcp-tls-02,
	number=		{draft-ietf-core-coap-tcp-tls-02},
	type =		{Internet-Draft},
	institution =	{Internet Engineering Task Force},
	publisher =	{Internet Engineering Task Force},
	note =		{Work in Progress},
	url =		{https://tools.ietf.org/html/draft-ietf-core-coap-tcp-tls-02},
	author=		{Dr. Carsten Bormann and Simon Lemay and Zebra Technologies and Hannes Tschofenig},
	title=		{{A TCP and TLS Transport for the Constrained Application Protocol (CoAP)}},
	pagetotal =	14,
	year =		2016,
	month =		jun,
	day =		11,
}

@misc{Inter93:online,
	author = {},
	title = {Internet Engineering Task Force (IETF)},
	howpublished = {\url{http://ietf.org/}},
	month = {},
	year = {},
	note = {(Accessed on 06/16/2016)}
}

@article{giannoulis2009tcp,
	title={TCP vs. UDP Performance Evaluation for CBR Traffic On Wireless Multihop Networks},
	author={Giannoulis, S and Antonopoulos, C and Topalis, E and Athanasopoulos, A and Prayati, A and Koubias, S},
	journal={Simulation},
	volume={14},
	pages={43},
	year={2009}
}

@inproceedings{daniel2014experimental,
	title={Experimental evaluation of the CoAP, HTTP and SPDY transport services for Internet of Things},
	author={Daniel, Laila and Kojo, Markku and Latvala, Mikael},
	booktitle={International Conference on Internet and Distributed Computing Systems},
	pages={111--123},
	year={2014},
	organization={Springer}
}

@inproceedings{bandyopadhyay2013lightweight,
	title={Lightweight Internet protocols for web enablement of sensors using constrained gateway devices},
	author={Bandyopadhyay, Supriyo and Bhattacharyya, Abhijan},
	booktitle={Computing, Networking and Communications (ICNC), 2013 International Conference on},
	pages={334--340},
	year={2013},
	organization={IEEE}
}

@inproceedings{de2013comparison,
	title={Comparison of two lightweight protocols for smartphone-based sensing},
	author={De Caro, Niccol{\`o} and Colitti, Walter and Steenhaut, Kris and Mangino, Giuseppe and Reali, Gianluca},
	booktitle={Communications and Vehicular Technology in the Benelux (SCVT), 2013 IEEE 20th Symposium on},
	pages={1--6},
	year={2013},
	organization={IEEE}
}

@misc{netem19:online,
	author = {},
	title = {netem},
	howpublished = {\url{http://www.linuxfoundation.org/collaborate/workgroups/networ
	king/netem}},
	month = {},
	year = {},
	note = {(Accessed on 06/13/2016)}
}

@misc{Check55:online,
	author = {},
	title = {Check RAM Memory Usage In Arduino and Optimization - Oscar Liang},
	howpublished = {\url{https://oscarliang.com/check-ram-memory-usage-arduino-optimization/}},
	month = {},
	year = {},
	note = {(Accessed on 06/18/2016)}
}

@manual{hdg204:datasheet,
	organization = {H\&D Wireless},
	title = {HDG204 Data Sheet},
	number={},
	month = {mar},
	year = {2011},
	note = {Rev. PA4}
}